%%% ====================================================================
%%%  BibTeX-file{
%%%     author          = "David Rhead",
%%%     version         = "1.00",
%%%     date            = "17 Feb 1990",
%%%     time            = "17:00 GMT",
%%%     filename        = "test.bib",
%%%     address         = "Cripps Computing Centre,
%%%                        University of Nottingham,
%%%                        University Park,
%%%                        Nottingham,
%%%                        NG7 2RD,
%%%                        United Kingdom",
%%%     telephone       = "+44 602 484848 Ext 2670",
%%%     FAX             = "+44 602 588138",
%%%     checksum        = "05151 839 2908 25082",
%%%     email           = "David_Rhead at uk.ac.nott.vme (JANET)",
%%%     codetable       = "ISO/ASCII",
%%%     keywords        = "bibliography, citation, references",
%%%     supported       = "no",
%%%     docstring       = "This BibTeX database file contains entries
%%%                        designed for testing whether a BibTeX style
%%%                        file lays references out as recommended by
%%%                        certain authorities.  (Note, however, that
%%%                        the BS 1629 examples are from the 1976
%%%                        edition.  The file needs updating to use
%%%                        examples from the 1989 edition instead.)
%%%
%%%                        The checksum field above contains a CRC-16
%%%                        checksum as the first value, followed by the
%%%                        equivalent of the standard UNIX wc (word
%%%                        count) utility output of lines, words, and
%%%                        characters.  This is produced by Robert
%%%                        Solovay's checksum utility.",
%%%  }
%%% ====================================================================
%% @COMMENT{Some other standard works describing conventions for citations
%%      and bibliographies}

@misc{BagOfTricks,
Author = {Armand Joulin and Edouard Grave and Piotr Bojanowski and Tomas Mikolov},
Title = {Bag of Tricks for Efficient Text Classification},
Year = {2016},
Eprint = {arXiv:1607.01759},
}


@misc{EnrichingWordVectors,
Author = {Piotr Bojanowski and Edouard Grave and Armand Joulin and Tomas Mikolov},
Title = {Enriching Word Vectors with Subword Information},
Year = {2016},
Eprint = {arXiv:1607.04606},
}



@inproceedings{langID,
 author = {Lui, Marco and Baldwin, Timothy},
 title = {Langid.Py: An Off-the-shelf Language Identification Tool},
 booktitle = {Proceedings of the ACL 2012 System Demonstrations},
 series = {ACL '12},
 year = {2012},
 location = {Jeju Island, Korea},
 pages = {25--30},
 numpages = {6},
 url = {http://dl.acm.org/citation.cfm?id=2390470.2390475},
 acmid = {2390475},
 publisher = {Association for Computational Linguistics},
 address = {Stroudsburg, PA, USA},
} 

@inproceedings{DSL2015,
  added-at = {2016-04-29T17:01:57.000+0200},
  author = {Zampieri, Marcos and Tan, Liling and Ljube{\v{s}}ic, Nikola and Tiedemann, J{\"o}rg and Nakov, Preslav},
  biburl = {https://www.bibsonomy.org/bibtex/20c4ecb47fb7edfec4eb759776ddb0a1f/asmelash},
  booktitle = {Joint Workshop on Language Technology for Closely Related Languages, Varieties and Dialects},
  interhash = {7d4b0cb9ca07c5bd9d0632b128c96e99},
  intrahash = {0c4ecb47fb7edfec4eb759776ddb0a1f},
  keywords = {dsl language language-twitter},
  pages = 1,
  timestamp = {2016-04-29T17:01:57.000+0200},
  title = {Overview of the dsl shared task 2015},
  year = 2015
}

@inproceedings{DSL2014,
  title={A Report on the DSL Shared Task 2014},
  author={Marcos Zampieri and Liling Tan and Nikola Ljubesic and J{\"o}rg Tiedemann},
  booktitle={VarDial@COLING},
  year={2014}
}

@article{DSLEvaluation,
Author = {Cyril Goutte and Serge LÃ©ger and Shervin Malmasi and Marcos Zampieri},
Title = {Discriminating Similar Languages: Evaluations and Explorations},
Year = {2016},
Eprint = {arXiv:1610.00031},
Howpublished = {Proceedings of Language Resources and Evaluation (LREC). Portoroz,
  Slovenia. pp 1800-1807 (2016)},
}

@misc{EfficientWordRepresentations,
Author = {Tomas Mikolov and Kai Chen and Greg Corrado and Jeffrey Dean},
Title = {Efficient Estimation of Word Representations in Vector Space},
Year = {2013},
Eprint = {arXiv:1301.3781},
}

@article{tsne,
  added-at = {2015-06-19T12:07:15.000+0200},
  author = {van der Maaten, Laurens and Hinton, Geoffrey},
  biburl = {https://www.bibsonomy.org/bibtex/28b9aebb404ad4a4c6a436ea413550b30/lopusz_kdd},
  interhash = {370ba8b9e1909b61880a6f47c93bcd49},
  intrahash = {8b9aebb404ad4a4c6a436ea413550b30},
  journal = {Journal of Machine Learning Research},
  keywords = {dimensionality_reduction tSNE visualization},
  pages = {2579--2605},
  timestamp = {2015-08-19T15:19:11.000+0200},
  title = {Visualizing Data using {t-SNE} },
  url = {http://www.jmlr.org/papers/v9/vandermaaten08a.html},
  volume = 9,
  year = 2008
}

@inproceedings{textcnn_google,
    title = "Understanding Convolutional Neural Networks for Text Classification",
    author = "Jacovi, Alon  and
      Sar Shalom, Oren  and
      Goldberg, Yoav",
    booktitle = "Proceedings of the 2018 {EMNLP} Workshop {B}lackbox{NLP}: Analyzing and Interpreting Neural Networks for {NLP}",
    month = nov,
    year = "2018",
    address = "Brussels, Belgium",
    publisher = "Association for Computational Linguistics",
    url = "https://www.aclweb.org/anthology/W18-5408",
    doi = "10.18653/v1/W18-5408",
    pages = "56--65"
}

@INPROCEEDINGS{nltk,
    author = {Edward Loper and Steven Bird},
    title = {NLTK: The Natural Language Toolkit},
    booktitle = {In Proceedings of the ACL Workshop on Effective Tools and Methodologies for Teaching Natural Language Processing and Computational Linguistics. Philadelphia: Association for Computational Linguistics},
    year = {2002}
}
